{
  "TEPCO": [
    {
      "date": "2016-03-31",
      "year": 2016,
      "roic": 5.69,
      "wacc": 3.51,
      "ebitdaMargin": 14.48,
      "fcfMargin": 13.43,
      "revenue": 64976.0,
      "operatingIncome": 3165.0,
      "ordinaryIncome": 2080.0,
      "netIncome": 4549.0,
      "ebitda": 9408.0,
      "totalAssets": 142127.0,
      "netAssets": 21022.0,
      "equity": 21022.0,
      "interestBearingDebt": 34630.0,
      "cashAndDeposits": 13943.0,
      "netDebt": 20687.0,
      "operatingCashFlow": 8729.0,
      "investingCashFlow": -5239.0,
      "financingCashFlow": -6260.0,
      "enterpriseValue": 30635.0,
      "marketCap": 9947.0,
      "evEbitdaRatio": 3.26,
      "per": 2.19,
      "pbr": 0.47,
      "stockPrice": 619.0
    },
    {
      "date": "2017-03-31",
      "year": 2017,
      "roic": 7.25,
      "wacc": 3.78,
      "ebitdaMargin": 17.17,
      "fcfMargin": 18.61,
      "revenue": 57914.0,
      "operatingIncome": 3722.0,
      "ordinaryIncome": 3259.0,
      "netIncome": 1423.0,
      "ebitda": 9942.0,
      "totalAssets": 136598.0,
      "netAssets": 22181.0,
      "equity": 22181.0,
      "interestBearingDebt": 29138.0,
      "cashAndDeposits": 14237.0,
      "netDebt": 14901.0,
      "operatingCashFlow": 10775.0,
      "investingCashFlow": -6209.0,
      "financingCashFlow": -3943.0,
      "enterpriseValue": 21908.0,
      "marketCap": 7007.0,
      "evEbitdaRatio": 2.2,
      "per": 4.92,
      "pbr": 0.32,
      "stockPrice": 436.0
    },
    {
      "date": "2018-03-31",
      "year": 2018,
      "roic": 6.38,
      "wacc": 4.78,
      "ebitdaMargin": 16.15,
      "fcfMargin": 15.37,
      "revenue": 50950.0,
      "operatingIncome": 2587.0,
      "ordinaryIncome": 2276.0,
      "netIncome": 1331.0,
      "ebitda": 8230.0,
      "totalAssets": 122776.0,
      "netAssets": 23487.0,
      "equity": 23487.0,
      "interestBearingDebt": 17062.0,
      "cashAndDeposits": 9414.0,
      "netDebt": 7648.0,
      "operatingCashFlow": 7830.0,
      "investingCashFlow": -4785.0,
      "financingCashFlow": -6040.0,
      "enterpriseValue": 14237.0,
      "marketCap": 6589.0,
      "evEbitdaRatio": 1.73,
      "per": 4.95,
      "pbr": 0.28,
      "stockPrice": 410.0
    },
    {
      "date": "2019-03-31",
      "year": 2019,
      "roic": 7.15,
      "wacc": 5.05,
      "ebitdaMargin": 15.17,
      "fcfMargin": 13.43,
      "revenue": 56014.0,
      "operatingIncome": 2885.0,
      "ordinaryIncome": 2549.0,
      "netIncome": 3183.0,
      "ebitda": 8497.0,
      "totalAssets": 125918.0,
      "netAssets": 26573.0,
      "equity": 26573.0,
      "interestBearingDebt": 13778.0,
      "cashAndDeposits": 11873.0,
      "netDebt": 1906.0,
      "operatingCashFlow": 7522.0,
      "investingCashFlow": -5206.0,
      "financingCashFlow": 125.0,
      "enterpriseValue": 13155.0,
      "marketCap": 11249.0,
      "evEbitdaRatio": 1.55,
      "per": 3.53,
      "pbr": 0.42,
      "stockPrice": 700.0
    },
    {
      "date": "2020-03-31",
      "year": 2020,
      "roic": 7.26,
      "wacc": 4.95,
      "ebitdaMargin": 14.16,
      "fcfMargin": 8.35,
      "revenue": 60327.0,
      "operatingIncome": 3123.0,
      "ordinaryIncome": 2765.0,
      "netIncome": 2326.0,
      "ebitda": 8541.0,
      "totalAssets": 127575.0,
      "netAssets": 29037.0,
      "equity": 29037.0,
      "interestBearingDebt": 13989.0,
      "cashAndDeposits": 10007.0,
      "netDebt": 3982.0,
      "operatingCashFlow": 5037.0,
      "investingCashFlow": -5708.0,
      "financingCashFlow": -1177.0,
      "enterpriseValue": 10040.0,
      "marketCap": 6058.0,
      "evEbitdaRatio": 1.18,
      "per": 2.61,
      "pbr": 0.21,
      "stockPrice": 377.0
    },
    {
      "date": "2021-03-31",
      "year": 2021,
      "roic": 4.53,
      "wacc": 4.4,
      "ebitdaMargin": 10.79,
      "fcfMargin": 5.5,
      "revenue": 58781.0,
      "operatingIncome": 2118.0,
      "ordinaryIncome": 2640.0,
      "netIncome": 516.0,
      "ebitda": 6343.0,
      "totalAssets": 119578.0,
      "netAssets": 29169.0,
      "equity": 29169.0,
      "interestBearingDebt": 17574.0,
      "cashAndDeposits": 8133.0,
      "netDebt": 9441.0,
      "operatingCashFlow": 3235.0,
      "investingCashFlow": -5083.0,
      "financingCashFlow": 136.0,
      "enterpriseValue": 15371.0,
      "marketCap": 5930.0,
      "evEbitdaRatio": 2.42,
      "per": 11.49,
      "pbr": 0.2,
      "stockPrice": 369.0
    },
    {
      "date": "2022-03-31",
      "year": 2022,
      "roic": 2.61,
      "wacc": 3.97,
      "ebitdaMargin": 10.07,
      "fcfMargin": 4.35,
      "revenue": 55142.0,
      "operatingIncome": 1435.0,
      "ordinaryIncome": 1899.0,
      "netIncome": 1818.0,
      "ebitda": 5555.0,
      "totalAssets": 120932.0,
      "netAssets": 31428.0,
      "equity": 31428.0,
      "interestBearingDebt": 23586.0,
      "cashAndDeposits": 4549.0,
      "netDebt": 19037.0,
      "operatingCashFlow": 2398.0,
      "investingCashFlow": -5772.0,
      "financingCashFlow": -203.0,
      "enterpriseValue": 25513.0,
      "marketCap": 6476.0,
      "evEbitdaRatio": 4.59,
      "per": 3.56,
      "pbr": 0.21,
      "stockPrice": 403.0
    },
    {
      "date": "2023-03-31",
      "year": 2023,
      "roic": 0.79,
      "wacc": 3.83,
      "ebitdaMargin": 9.61,
      "fcfMargin": 8.4,
      "revenue": 48416.0,
      "operatingIncome": 462.0,
      "ordinaryIncome": 422.0,
      "netIncome": 38.0,
      "ebitda": 4654.0,
      "totalAssets": 128384.0,
      "netAssets": 32071.0,
      "equity": 32071.0,
      "interestBearingDebt": 26266.0,
      "cashAndDeposits": 8624.0,
      "netDebt": 17642.0,
      "operatingCashFlow": 4065.0,
      "investingCashFlow": -5598.0,
      "financingCashFlow": 5606.0,
      "enterpriseValue": 25243.0,
      "marketCap": 7601.0,
      "evEbitdaRatio": 5.42,
      "per": 201.25,
      "pbr": 0.24,
      "stockPrice": 473.0
    },
    {
      "date": "2024-03-31",
      "year": 2024,
      "roic": -3.81,
      "wacc": 3.68,
      "ebitdaMargin": 1.51,
      "fcfMargin": -1.02,
      "revenue": 74456.0,
      "operatingIncome": -2290.0,
      "ordinaryIncome": -2854.0,
      "netIncome": -1230.0,
      "ebitda": 1122.0,
      "totalAssets": 135631.0,
      "netAssets": 31220.0,
      "equity": 31220.0,
      "interestBearingDebt": 28866.0,
      "cashAndDeposits": 7179.0,
      "netDebt": 21687.0,
      "operatingCashFlow": -757.0,
      "investingCashFlow": -3888.0,
      "financingCashFlow": 3200.0,
      "enterpriseValue": 36857.0,
      "marketCap": 15170.0,
      "evEbitdaRatio": 32.86,
      "per": 0.0,
      "pbr": 0.49,
      "stockPrice": 944.0
    },
    {
      "date": "2025-03-31",
      "year": 2025,
      "roic": 4.22,
      "wacc": 3.83,
      "ebitdaMargin": 10.06,
      "fcfMargin": 10.63,
      "revenue": 63296.0,
      "operatingIncome": 2789.0,
      "ordinaryIncome": 4255.0,
      "netIncome": 2696.0,
      "ebitda": 6371.0,
      "totalAssets": 145955.0,
      "netAssets": 35380.0,
      "equity": 35380.0,
      "interestBearingDebt": 30650.0,
      "cashAndDeposits": 12425.0,
      "netDebt": 18225.0,
      "operatingCashFlow": 6730.0,
      "investingCashFlow": -6988.0,
      "financingCashFlow": 5415.0,
      "enterpriseValue": 25130.0,
      "marketCap": 6905.0,
      "evEbitdaRatio": 3.94,
      "per": 2.56,
      "pbr": 0.2,
      "stockPrice": 429.7
    }
  ],
  "CHUBU": [
    {
      "date": "2016-03-31",
      "year": 2016,
      "roic": 5.19,
      "wacc": 6.09,
      "ebitdaMargin": 13.54,
      "fcfMargin": 17.03,
      "revenue": 27993.0,
      "operatingIncome": 1072.0,
      "ordinaryIncome": 602.0,
      "netIncome": 406.0,
      "ebitda": 3790.0,
      "totalAssets": 56320.0,
      "netAssets": 15075.0,
      "equity": 15075.0,
      "interestBearingDebt": 5558.0,
      "cashAndDeposits": 1606.0,
      "netDebt": 3952.0,
      "operatingCashFlow": 4768.0,
      "investingCashFlow": -2828.0,
      "financingCashFlow": -3441.0,
      "enterpriseValue": 13825.0,
      "marketCap": 9873.0,
      "evEbitdaRatio": 3.65,
      "per": 24.33,
      "pbr": 0.65,
      "stockPrice": 1302.47
    },
    {
      "date": "2017-03-31",
      "year": 2017,
      "roic": 13.79,
      "wacc": 6.03,
      "ebitdaMargin": 21.08,
      "fcfMargin": 21.88,
      "revenue": 25710.0,
      "operatingIncome": 2850.0,
      "ordinaryIncome": 2556.0,
      "netIncome": 1720.0,
      "ebitda": 5421.0,
      "totalAssets": 55389.0,
      "netAssets": 16371.0,
      "equity": 16371.0,
      "interestBearingDebt": 4293.0,
      "cashAndDeposits": 1439.0,
      "netDebt": 2853.0,
      "operatingCashFlow": 5624.0,
      "investingCashFlow": -3080.0,
      "financingCashFlow": -3121.0,
      "enterpriseValue": 12407.0,
      "marketCap": 9554.0,
      "evEbitdaRatio": 2.29,
      "per": 5.55,
      "pbr": 0.58,
      "stockPrice": 1260.39
    },
    {
      "date": "2018-03-31",
      "year": 2018,
      "roic": 5.87,
      "wacc": 5.32,
      "ebitdaMargin": 16.75,
      "fcfMargin": 14.31,
      "revenue": 23408.0,
      "operatingIncome": 1364.0,
      "ordinaryIncome": 1215.0,
      "netIncome": 1169.0,
      "ebitda": 3921.0,
      "totalAssets": 54123.0,
      "netAssets": 17247.0,
      "equity": 17247.0,
      "interestBearingDebt": 5993.0,
      "cashAndDeposits": 1338.0,
      "netDebt": 4655.0,
      "operatingCashFlow": 3351.0,
      "investingCashFlow": -3602.0,
      "financingCashFlow": 211.0,
      "enterpriseValue": 14489.0,
      "marketCap": 9834.0,
      "evEbitdaRatio": 3.69,
      "per": 8.41,
      "pbr": 0.57,
      "stockPrice": 1297.33
    },
    {
      "date": "2019-03-31",
      "year": 2019,
      "roic": 5.66,
      "wacc": 5.23,
      "ebitdaMargin": 15.93,
      "fcfMargin": 16.71,
      "revenue": 25382.0,
      "operatingIncome": 1365.0,
      "ordinaryIncome": 1285.0,
      "netIncome": 768.0,
      "ebitda": 4043.0,
      "totalAssets": 55294.0,
      "netAssets": 17919.0,
      "equity": 17919.0,
      "interestBearingDebt": 6193.0,
      "cashAndDeposits": 1816.0,
      "netDebt": 4376.0,
      "operatingCashFlow": 4242.0,
      "investingCashFlow": -3445.0,
      "financingCashFlow": -887.0,
      "enterpriseValue": 15947.0,
      "marketCap": 11570.0,
      "evEbitdaRatio": 3.94,
      "per": 15.07,
      "pbr": 0.65,
      "stockPrice": 1526.42
    },
    {
      "date": "2020-03-31",
      "year": 2020,
      "roic": 5.25,
      "wacc": 5.32,
      "ebitdaMargin": 14.42,
      "fcfMargin": 11.18,
      "revenue": 26517.0,
      "operatingIncome": 1259.0,
      "ordinaryIncome": 1129.0,
      "netIncome": 829.0,
      "ebitda": 3824.0,
      "totalAssets": 59875.0,
      "netAssets": 18444.0,
      "equity": 18444.0,
      "interestBearingDebt": 5533.0,
      "cashAndDeposits": 5461.0,
      "netDebt": 72.0,
      "operatingCashFlow": 2964.0,
      "investingCashFlow": -3684.0,
      "financingCashFlow": 3373.0,
      "enterpriseValue": 10606.0,
      "marketCap": 10534.0,
      "evEbitdaRatio": 2.77,
      "per": 12.7,
      "pbr": 0.57,
      "stockPrice": 1389.68
    },
    {
      "date": "2021-03-31",
      "year": 2021,
      "roic": 4.98,
      "wacc": 5.08,
      "ebitdaMargin": 11.75,
      "fcfMargin": 9.73,
      "revenue": 26302.0,
      "operatingIncome": 1308.0,
      "ordinaryIncome": 1918.0,
      "netIncome": 1677.0,
      "ebitda": 3090.0,
      "totalAssets": 55008.0,
      "netAssets": 19621.0,
      "equity": 19621.0,
      "interestBearingDebt": 6633.0,
      "cashAndDeposits": 1486.0,
      "netDebt": 5147.0,
      "operatingCashFlow": 2559.0,
      "investingCashFlow": -6476.0,
      "financingCashFlow": -59.0,
      "enterpriseValue": 15355.0,
      "marketCap": 10208.0,
      "evEbitdaRatio": 4.97,
      "per": 6.09,
      "pbr": 0.52,
      "stockPrice": 1346.72
    },
    {
      "date": "2022-03-31",
      "year": 2022,
      "roic": 5.15,
      "wacc": 4.94,
      "ebitdaMargin": 13.14,
      "fcfMargin": 15.38,
      "revenue": 24981.0,
      "operatingIncome": 1457.0,
      "ordinaryIncome": 1922.0,
      "netIncome": 1512.0,
      "ebitda": 3284.0,
      "totalAssets": 56863.0,
      "netAssets": 21037.0,
      "equity": 21037.0,
      "interestBearingDebt": 7233.0,
      "cashAndDeposits": 1765.0,
      "netDebt": 5468.0,
      "operatingCashFlow": 3841.0,
      "investingCashFlow": -2158.0,
      "financingCashFlow": -1411.0,
      "enterpriseValue": 14863.0,
      "marketCap": 9395.0,
      "evEbitdaRatio": 4.53,
      "per": 6.21,
      "pbr": 0.45,
      "stockPrice": 1239.49
    },
    {
      "date": "2023-03-31",
      "year": 2023,
      "roic": -1.85,
      "wacc": 4.82,
      "ebitdaMargin": 6.2,
      "fcfMargin": 0.99,
      "revenue": 21809.0,
      "operatingIncome": -538.0,
      "ordinaryIncome": -593.0,
      "netIncome": -402.0,
      "ebitda": 1353.0,
      "totalAssets": 61747.0,
      "netAssets": 21233.0,
      "equity": 21233.0,
      "interestBearingDebt": 7928.0,
      "cashAndDeposits": 2032.0,
      "netDebt": 5896.0,
      "operatingCashFlow": 217.0,
      "investingCashFlow": -2620.0,
      "financingCashFlow": 2664.0,
      "enterpriseValue": 16500.0,
      "marketCap": 10604.0,
      "evEbitdaRatio": 12.19,
      "per": 0.0,
      "pbr": 0.5,
      "stockPrice": 1399.0
    },
    {
      "date": "2024-03-31",
      "year": 2024,
      "roic": 3.54,
      "wacc": 4.75,
      "ebitdaMargin": 8.0,
      "fcfMargin": 9.0,
      "revenue": 32861.0,
      "operatingIncome": 1071.0,
      "ordinaryIncome": 651.0,
      "netIncome": 379.0,
      "ebitda": 2630.0,
      "totalAssets": 64551.0,
      "netAssets": 21622.0,
      "equity": 21622.0,
      "interestBearingDebt": 8630.0,
      "cashAndDeposits": 3613.0,
      "netDebt": 5016.0,
      "operatingCashFlow": 2958.0,
      "investingCashFlow": -1969.0,
      "financingCashFlow": 732.0,
      "enterpriseValue": 20093.0,
      "marketCap": 15077.0,
      "evEbitdaRatio": 7.64,
      "per": 39.81,
      "pbr": 0.7,
      "stockPrice": 1989.0
    },
    {
      "date": "2025-03-31",
      "year": 2025,
      "roic": 10.03,
      "wacc": 5.17,
      "ebitdaMargin": 17.4,
      "fcfMargin": 11.62,
      "revenue": 29614.0,
      "operatingIncome": 3433.0,
      "ordinaryIncome": 5093.0,
      "netIncome": 4111.0,
      "ebitda": 5154.0,
      "totalAssets": 71086.0,
      "netAssets": 26951.0,
      "equity": 26951.0,
      "interestBearingDebt": 7280.0,
      "cashAndDeposits": 3908.0,
      "netDebt": 3372.0,
      "operatingCashFlow": 3441.0,
      "investingCashFlow": -3883.0,
      "financingCashFlow": 871.0,
      "enterpriseValue": 15675.0,
      "marketCap": 12302.0,
      "evEbitdaRatio": 3.04,
      "per": 2.99,
      "pbr": 0.46,
      "stockPrice": 1623.0
    }
  ],
  "JERA": [
    {
      "date": "2021-03-31",
      "year": 2021,
      "roic": 10.18,
      "wacc": 6.2,
      "ebitdaMargin": 13.56,
      "fcfMargin": 20.5,
      "revenue": 26916.0,
      "operatingIncome": 1670.0,
      "ordinaryIncome": 1744.0,
      "netIncome": 1811.0,
      "ebitda": 3649.0,
      "totalAssets": 40353.0,
      "netAssets": 16013.0,
      "equity": 16013.0,
      "interestBearingDebt": 400.0,
      "cashAndDeposits": 4592.0,
      "netDebt": -4192.0,
      "operatingCashFlow": 5517.0,
      "investingCashFlow": -3109.0,
      "financingCashFlow": -4521.0,
      "enterpriseValue": null,
      "marketCap": null,
      "evEbitdaRatio": null,
      "per": null,
      "pbr": null,
      "stockPrice": null
    },
    {
      "date": "2022-03-31",
      "year": 2022,
      "roic": 13.84,
      "wacc": 6.18,
      "ebitdaMargin": 19.8,
      "fcfMargin": 15.43,
      "revenue": 22084.0,
      "operatingIncome": 2494.0,
      "ordinaryIncome": 2442.0,
      "netIncome": 1736.0,
      "ebitda": 4372.0,
      "totalAssets": 40909.0,
      "netAssets": 17621.0,
      "equity": 17621.0,
      "interestBearingDebt": 400.0,
      "cashAndDeposits": 6161.0,
      "netDebt": -5761.0,
      "operatingCashFlow": 3408.0,
      "investingCashFlow": -2721.0,
      "financingCashFlow": 895.0,
      "enterpriseValue": null,
      "marketCap": null,
      "evEbitdaRatio": null,
      "per": null,
      "pbr": null,
      "stockPrice": null
    },
    {
      "date": "2023-03-31",
      "year": 2023,
      "roic": -12.73,
      "wacc": 5.69,
      "ebitdaMargin": -6.75,
      "fcfMargin": 0.0,
      "revenue": 27978.0,
      "operatingIncome": -1888.0,
      "ordinaryIncome": -1936.0,
      "netIncome": -1621.0,
      "ebitda": -1888.0,
      "totalAssets": 36942.0,
      "netAssets": 13327.0,
      "equity": 13327.0,
      "interestBearingDebt": 1500.0,
      "cashAndDeposits": 605.0,
      "netDebt": 895.0,
      "operatingCashFlow": 0.0,
      "investingCashFlow": 0.0,
      "financingCashFlow": 0.0,
      "enterpriseValue": null,
      "marketCap": null,
      "evEbitdaRatio": null,
      "per": null,
      "pbr": null,
      "stockPrice": null
    },
    {
      "date": "2024-03-31",
      "year": 2024,
      "roic": 0.67,
      "wacc": 4.99,
      "ebitdaMargin": 0.18,
      "fcfMargin": 0.0,
      "revenue": 55887.0,
      "operatingIncome": 102.0,
      "ordinaryIncome": -249.0,
      "netIncome": 10.0,
      "ebitda": 102.0,
      "totalAssets": 43874.0,
      "netAssets": 10795.0,
      "equity": 10795.0,
      "interestBearingDebt": 4397.0,
      "cashAndDeposits": 4119.0,
      "netDebt": 277.0,
      "operatingCashFlow": 0.0,
      "investingCashFlow": 0.0,
      "financingCashFlow": 0.0,
      "enterpriseValue": null,
      "marketCap": null,
      "evEbitdaRatio": null,
      "per": null,
      "pbr": null,
      "stockPrice": null
    },
    {
      "date": "2025-03-31",
      "year": 2025,
      "roic": 10.42,
      "wacc": 5.25,
      "ebitdaMargin": 4.84,
      "fcfMargin": 0.0,
      "revenue": 39811.0,
      "operatingIncome": 1925.0,
      "ordinaryIncome": 1855.0,
      "netIncome": 1254.0,
      "ebitda": 1925.0,
      "totalAssets": 41664.0,
      "netAssets": 12818.0,
      "equity": 12818.0,
      "interestBearingDebt": 5650.0,
      "cashAndDeposits": 3338.0,
      "netDebt": 2312.0,
      "operatingCashFlow": 0.0,
      "investingCashFlow": 0.0,
      "financingCashFlow": 0.0,
      "enterpriseValue": null,
      "marketCap": null,
      "evEbitdaRatio": null,
      "per": null,
      "pbr": null,
      "stockPrice": null
    }
  ]
}